@book{antonopoulos2017mastering,
  title={Mastering Bitcoin: Programming the Open Blockchain},
  author={Antonopoulos, Andreas M},
  year={2017},
  publisher={" O'Reilly Media, Inc."}
}

@article{poon2015bitcoin,
  title={The bitcoin lightning network: Scalable off-chain instant payments. 2016},
  author={Poon, Joseph and Dryja, Thaddeus},
  journal={URl: \url{https://lightning.network/lightning-network-paper.pdf} (visited on 2017-10-23)},
  year={2016}
}

@article{blockchain_size,
  title={Blockchain Size},
  author={blockchain.info},
  journal={URl: \url{https://blockchain.info/charts/blocks-size} (visited on 2017-10-29)},
  year={2017}
}

@misc{nakamoto2008bitcoin,
  title={Bitcoin: A peer-to-peer electronic cash system},
  author={Nakamoto, Satoshi},
  year={2008}
}

@inproceedings{croman2016scaling,
  title={On scaling decentralized blockchains},
  author={Croman, Kyle and Decker, Christian and Eyal, Ittay and Gencer, Adem Efe and Juels, Ari and Kosba, Ahmed and Miller, Andrew and Saxena, Prateek and Shi, Elaine and Sirer, Emin G{\"u}n and others},
  booktitle={International Conference on Financial Cryptography and Data Security},
  pages={106--125},
  year={2016},
  organization={Springer}
}

@inproceedings{luu2016secure,
  title={A secure sharding protocol for open blockchains},
  author={Luu, Loi and Narayanan, Viswesh and Zheng, Chaodong and Baweja, Kunal and Gilbert, Seth and Saxena, Prateek},
  booktitle={Proceedings of the 2016 ACM SIGSAC Conference on Computer and Communications Security},
  pages={17--30},
  year={2016},
  organization={ACM}
}

@inproceedings{barber2012bitter,
  title={Bitter to betterâ€”how to make bitcoin a better currency},
  author={Barber, Simon and Boyen, Xavier and Shi, Elaine and Uzun, Ersin},
  booktitle={International Conference on Financial Cryptography and Data Security},
  pages={399--414},
  year={2012},
  organization={Springer}
}
